@video{how_to,
  entrysubtype = {video},
  title = {How to Use {{Zotero}} with {{Overleaf}} [{{Custom Cite Keys}}]},
  editor = {{Signal Processing with Paul}},
  editortype = {director},
  date = {2024-02-13},
  url = {https://www.youtube.com/watch?v=CYbiDFqCdOs},
  urldate = {2025-02-06},
  abstract = {\#electricalengineering  \#Engineering \#Signal Processing \#zotero \#citation  In this video, I'll show you how you can use Zotero along with Overleaf to easily manage and sync your .bib files and create custom citation keys Download Zotero: https://www.zotero.org/ Download BetterBibTex: https://retorque.re/zotero-better-bib...}
}
